@article{beckett2004rdf,
  title={RDF/XML syntax specification (revised)},
  author={Beckett, Dave and McBride, Brian},
  journal={W3C recommendation},
  volume={10},
  number={2.3},
  year={2004}
}

@article{mcguinness2004owl,
  title={OWL web ontology language overview},
  author={McGuinness, Deborah L and Van Harmelen, Frank and others},
  journal={W3C recommendation},
  volume={10},
  number={10},
  pages={2004},
  year={2004}
}

@article{DBLP:journals/semweb/GuCLMXXC24,
  author       = {Zhenzhen Gu and
                  Francesco Corcoglioniti and
                  Davide Lanti and
                  Alessandro Mosca and
                  Guohui Xiao and
                  Jing Xiong and
                  Diego Calvanese},
  title        = {A systematic overview of data federation systems},
  journal      = {Semantic Web},
  volume       = {15},
  number       = {1},
  pages        = {107--165},
  year         = {2024},
  url          = {https://doi.org/10.3233/SW-223201},
  doi          = {10.3233/SW-223201},
  timestamp    = {Fri, 23 Feb 2024 17:29:56 +0100},
  biburl       = {https://dblp.org/rec/journals/semweb/GuCLMXXC24.bib},
  bibsource    = {dblp computer science bibliography, https://dblp.org}
}

@inproceedings{DBLP:conf/pods/Lenzerini02,
  author       = {Maurizio Lenzerini},
  editor       = {Lucian Popa and
                  Serge Abiteboul and
                  Phokion G. Kolaitis},
  title        = {Data Integration: {A} Theoretical Perspective},
  booktitle    = {Proceedings of the Twenty-first {ACM} {SIGACT-SIGMOD-SIGART} Symposium
                  on Principles of Database Systems, June 3-5, Madison, Wisconsin, {USA}},
  pages        = {233--246},
  publisher    = {{ACM}},
  year         = {2002},
  url          = {https://doi.org/10.1145/543613.543644},
  doi          = {10.1145/543613.543644},
  timestamp    = {Tue, 06 Nov 2018 16:58:02 +0100},
  biburl       = {https://dblp.org/rec/conf/pods/Lenzerini02.bib},
  bibsource    = {dblp computer science bibliography, https://dblp.org}
}

@inproceedings{DBLP:conf/ijcai/XiaoCKLPRZ18,
  author       = {Guohui Xiao and
                  Diego Calvanese and
                  Roman Kontchakov and
                  Domenico Lembo and
                  Antonella Poggi and
                  Riccardo Rosati and
                  Michael Zakharyaschev},
  editor       = {J{\'{e}}r{\^{o}}me Lang},
  title        = {Ontology-Based Data Access: {A} Survey},
  booktitle    = {Proceedings of the Twenty-Seventh International Joint Conference on
                  Artificial Intelligence, {IJCAI} 2018, July 13-19, 2018, Stockholm,
                  Sweden},
  pages        = {5511--5519},
  publisher    = {ijcai.org},
  year         = {2018},
  url          = {https://doi.org/10.24963/ijcai.2018/777},
  doi          = {10.24963/IJCAI.2018/777},
  timestamp    = {Sat, 30 Sep 2023 09:48:29 +0200},
  biburl       = {https://dblp.org/rec/conf/ijcai/XiaoCKLPRZ18.bib},
  bibsource    = {dblp computer science bibliography, https://dblp.org}
}

@inproceedings{DBLP:conf/aiia/BotoevaCCCX18,
  author       = {Elena Botoeva and
                  Diego Calvanese and
                  Benjamin Cogrel and
                  Julien Corman and
                  Guohui Xiao},
  editor       = {Chiara Ghidini and
                  Bernardo Magnini and
                  Andrea Passerini and
                  Paolo Traverso},
  title        = {A Generalized Framework for Ontology-Based Data Access},
  booktitle    = {AI*IA 2018 - Advances in Artificial Intelligence - XVIIth International
                  Conference of the Italian Association for Artificial Intelligence,
                  Trento, Italy, November 20-23, 2018, Proceedings},
  series       = {Lecture Notes in Computer Science},
  volume       = {11298},
  pages        = {166--180},
  publisher    = {Springer},
  year         = {2018},
  url          = {https://doi.org/10.1007/978-3-030-03840-3\_13},
  doi          = {10.1007/978-3-030-03840-3\_13},
  timestamp    = {Fri, 27 Dec 2019 21:23:55 +0100},
  biburl       = {https://dblp.org/rec/conf/aiia/BotoevaCCCX18.bib},
  bibsource    = {dblp computer science bibliography, https://dblp.org}
}


@inproceedings{DBLP:conf/dlog/NamiciG18,
  author       = {Manuel Namici and
                  Giuseppe De Giacomo},
  editor       = {Magdalena Ortiz and
                  Thomas Schneider},
  title        = {Comparing Query Answering in {OBDA} Tools over W3C-Compliant Specifications},
  booktitle    = {Proceedings of the 31st International Workshop on Description Logics
                  co-located with 16th International Conference on Principles of Knowledge
                  Representation and Reasoning {(KR} 2018), Tempe, Arizona, US, October
                  27th - to - 29th, 2018},
  series       = {{CEUR} Workshop Proceedings},
  volume       = {2211},
  publisher    = {CEUR-WS.org},
  year         = {2018},
  url          = {https://ceur-ws.org/Vol-2211/paper-25.pdf},
  timestamp    = {Fri, 10 Mar 2023 16:23:17 +0100},
  biburl       = {https://dblp.org/rec/conf/dlog/NamiciG18.bib},
  bibsource    = {dblp computer science bibliography, https://dblp.org}
}

@inproceedings{DBLP:conf/otm/MakrisGBC10,
  author       = {Konstantinos Makris and
                  Nektarios Gioldasis and
                  Nikos Bikakis and
                  Stavros Christodoulakis},
  editor       = {Robert Meersman and
                  Tharam S. Dillon and
                  Pilar Herrero},
  title        = {Ontology Mapping and {SPARQL} Rewriting for Querying Federated {RDF}
                  Data Sources - (Short Paper)},
  booktitle    = {On the Move to Meaningful Internet Systems, {OTM} 2010 - Confederated
                  International Conferences: CoopIS, IS, {DOA} and ODBASE, Hersonissos,
                  Crete, Greece, October 25-29, 2010, Proceedings, Part {II}},
  series       = {Lecture Notes in Computer Science},
  volume       = {6427},
  pages        = {1108--1117},
  publisher    = {Springer},
  year         = {2010},
  url          = {https://doi.org/10.1007/978-3-642-16949-6\_32},
  doi          = {10.1007/978-3-642-16949-6\_32},
  timestamp    = {Mon, 05 Feb 2024 20:33:59 +0100},
  biburl       = {https://dblp.org/rec/conf/otm/MakrisGBC10.bib},
  bibsource    = {dblp computer science bibliography, https://dblp.org}
}

@inproceedings{DBLP:conf/semweb/KharlamovSOZHLRSW14,
  author       = {Evgeny Kharlamov and
                  Nina Solomakhina and
                  {\"{O}}zg{\"{u}}r L{\"{u}}tf{\"{u}} {\"{O}}z{\c{c}}ep and
                  Dmitriy Zheleznyakov and
                  Thomas Hubauer and
                  Steffen Lamparter and
                  Mikhail Roshchin and
                  Ahmet Soylu and
                  Stuart Watson},
  editor       = {Peter Mika and
                  Tania Tudorache and
                  Abraham Bernstein and
                  Chris Welty and
                  Craig A. Knoblock and
                  Denny Vrandecic and
                  Paul Groth and
                  Natasha F. Noy and
                  Krzysztof Janowicz and
                  Carole A. Goble},
  title        = {How Semantic Technologies Can Enhance Data Access at Siemens Energy},
  booktitle    = {The Semantic Web - {ISWC} 2014 - 13th International Semantic Web Conference,
                  Riva del Garda, Italy, October 19-23, 2014. Proceedings, Part {I}},
  series       = {Lecture Notes in Computer Science},
  volume       = {8796},
  pages        = {601--619},
  publisher    = {Springer},
  year         = {2014},
  url          = {https://doi.org/10.1007/978-3-319-11964-9\_38},
  doi          = {10.1007/978-3-319-11964-9\_38},
  timestamp    = {Thu, 27 Jul 2023 08:17:12 +0200},
  biburl       = {https://dblp.org/rec/conf/semweb/KharlamovSOZHLRSW14.bib},
  bibsource    = {dblp computer science bibliography, https://dblp.org}
}

@inproceedings{DBLP:conf/semweb/KharlamovBGJLNO15,
  author       = {Evgeny Kharlamov and
                  Sebastian Brandt and
                  Martin Giese and
                  Ernesto Jim{\'{e}}nez{-}Ruiz and
                  Steffen Lamparter and
                  Christian Neuenstadt and
                  {\"{O}}zg{\"{u}}r L{\"{u}}tf{\"{u}} {\"{O}}z{\c{c}}ep and
                  Christoph Pinkel and
                  Ahmet Soylu and
                  Dmitriy Zheleznyakov and
                  Mikhail Roshchin and
                  Stuart Watson and
                  Ian Horrocks},
  editor       = {Serena Villata and
                  Jeff Z. Pan and
                  Mauro Dragoni},
  title        = {Semantic Access to Siemens Streaming Data: the Optique Way},
  booktitle    = {Proceedings of the {ISWC} 2015 Posters {\&} Demonstrations Track
                  co-located with the 14th International Semantic Web Conference (ISWC-2015),
                  Bethlehem, PA, USA, October 11, 2015},
  series       = {{CEUR} Workshop Proceedings},
  volume       = {1486},
  publisher    = {CEUR-WS.org},
  year         = {2015},
  url          = {https://ceur-ws.org/Vol-1486/paper\_23.pdf},
  timestamp    = {Fri, 10 Mar 2023 16:23:09 +0100},
  biburl       = {https://dblp.org/rec/conf/semweb/KharlamovBGJLNO15.bib},
  bibsource    = {dblp computer science bibliography, https://dblp.org}
}

@article{DBLP:journals/semweb/CalvaneseGLLPRRRS11,
  author       = {Diego Calvanese and
                  Giuseppe De Giacomo and
                  Domenico Lembo and
                  Maurizio Lenzerini and
                  Antonella Poggi and
                  Mariano Rodriguez{-}Muro and
                  Riccardo Rosati and
                  Marco Ruzzi and
                  Domenico Fabio Savo},
  title        = {The {MASTRO} system for ontology-based data access},
  journal      = {Semantic Web},
  volume       = {2},
  number       = {1},
  pages        = {43--53},
  year         = {2011},
  url          = {https://doi.org/10.3233/SW-2011-0029},
  doi          = {10.3233/SW-2011-0029},
  timestamp    = {Mon, 28 Aug 2023 21:19:06 +0200},
  biburl       = {https://dblp.org/rec/journals/semweb/CalvaneseGLLPRRRS11.bib},
  bibsource    = {dblp computer science bibliography, https://dblp.org}
}

@inproceedings{DBLP:conf/sebd/CalvaneseCKKKLR15,
  author       = {Diego Calvanese and
                  Benjamin Cogrel and
                  Elem Guzel Kalayci and
                  Sarah Komla{-}Ebri and
                  Roman Kontchakov and
                  Davide Lanti and
                  Martin Rezk and
                  Mariano Rodriguez{-}Muro and
                  Guohui Xiao},
  editor       = {Domenico Lembo and
                  Riccardo Torlone and
                  Andrea Marrella},
  title        = {{OBDA} with the Ontop Framework},
  booktitle    = {23rd Italian Symposium on Advanced Database Systems, {SEBD} 2015,
                  Gaeta, Italy, June 14-17, 2015},
  pages        = {296--303},
  publisher    = {Curran Associates, Inc.},
  year         = {2015},
  timestamp    = {Sat, 20 Jul 2019 10:22:46 +0200},
  biburl       = {https://dblp.org/rec/conf/sebd/CalvaneseCKKKLR15.bib},
  bibsource    = {dblp computer science bibliography, https://dblp.org}
}

@article{DBLP:journals/entropy/CanSBU17,
  author       = {{\"{O}}zg{\"{u}} Can and
                  Emine Sezer and
                  Okan Bursa and
                  Murat Osman {\"{U}}nalir},
  title        = {Comparing Relational and Ontological Triple Stores in Healthcare Domain},
  journal      = {Entropy},
  volume       = {19},
  number       = {1},
  pages        = {30},
  year         = {2017},
  url          = {https://doi.org/10.3390/e19010030},
  doi          = {10.3390/E19010030},
  timestamp    = {Mon, 05 Feb 2024 20:24:26 +0100},
  biburl       = {https://dblp.org/rec/journals/entropy/CanSBU17.bib},
  bibsource    = {dblp computer science bibliography, https://dblp.org}
}

@inproceedings{DBLP:conf/icde/GuCPLMX24,
  author       = {Zhenzhen Gu and
                  Diego Calvanese and
                  Marco Di Panfilo and
                  Davide Lanti and
                  Alessandro Mosca and
                  Guohui Xiao},
  title        = {{OBDF:} {OBDA} + Data Federation - Extended Abstract},
  booktitle    = {40th International Conference on Data Engineering, {ICDE} 2024 - Workshops,
                  Utrecht, Netherlands, May 13-16, 2024},
  pages        = {381--383},
  publisher    = {{IEEE}},
  year         = {2024},
  url          = {https://doi.org/10.1109/ICDEW61823.2024.00060},
  doi          = {10.1109/ICDEW61823.2024.00060},
  timestamp    = {Thu, 27 Jun 2024 13:33:55 +0200},
  biburl       = {https://dblp.org/rec/conf/icde/GuCPLMX24.bib},
  bibsource    = {dblp computer science bibliography, https://dblp.org}
}

@inproceedings{DBLP:conf/hpec/GadepallyCDEHKM16,
  author       = {Vijay Gadepally and
                  Peinan Chen and
                  Jennie Duggan and
                  Aaron J. Elmore and
                  Brandon Haynes and
                  Jeremy Kepner and
                  Samuel Madden and
                  Tim Mattson and
                  Michael Stonebraker},
  title        = {The BigDAWG polystore system and architecture},
  booktitle    = {2016 {IEEE} High Performance Extreme Computing Conference, {HPEC}
                  2016, Waltham, MA, USA, September 13-15, 2016},
  pages        = {1--6},
  publisher    = {{IEEE}},
  year         = {2016},
  url          = {https://doi.org/10.1109/HPEC.2016.7761636},
  doi          = {10.1109/HPEC.2016.7761636},
  timestamp    = {Sun, 12 Nov 2023 02:15:32 +0100},
  biburl       = {https://dblp.org/rec/conf/hpec/GadepallyCDEHKM16.bib},
  bibsource    = {dblp computer science bibliography, https://dblp.org}
}


@inproceedings{DBLP:conf/bigdataconf/VogtSS18,
  author       = {Marco Vogt and
                  Alexander Stiemer and
                  Heiko Schuldt},
  editor       = {Naoki Abe and
                  Huan Liu and
                  Calton Pu and
                  Xiaohua Hu and
                  Nesreen K. Ahmed and
                  Mu Qiao and
                  Yang Song and
                  Donald Kossmann and
                  Bing Liu and
                  Kisung Lee and
                  Jiliang Tang and
                  Jingrui He and
                  Jeffrey S. Saltz},
  title        = {Polypheny-DB: Towards a Distributed and Self-Adaptive Polystore},
  booktitle    = {{IEEE} International Conference on Big Data {(IEEE} BigData 2018),
                  Seattle, WA, USA, December 10-13, 2018},
  pages        = {3364--3373},
  publisher    = {{IEEE}},
  year         = {2018},
  url          = {https://doi.org/10.1109/BigData.2018.8622353},
  doi          = {10.1109/BIGDATA.2018.8622353},
  timestamp    = {Mon, 26 Jun 2023 20:41:27 +0200},
  biburl       = {https://dblp.org/rec/conf/bigdataconf/VogtSS18.bib},
  bibsource    = {dblp computer science bibliography, https://dblp.org}
}

@article{DBLP:journals/nar/HardingAFSADPSD22,
  author       = {Simon D. Harding and
                  Jane F. Armstrong and
                  Elena Faccenda and
                  Christopher Southan and
                  Stephen P. H. Alexander and
                  Anthony P. Davenport and
                  Adam J. Pawson and
                  Michael Spedding and
                  Jamie A. Davies},
  title        = {The {IUPHAR/BPS} guide to {PHARMACOLOGY} in 2022: curating pharmacology
                  for COVID-19, malaria and antibacterials},
  journal      = {Nucleic Acids Res.},
  volume       = {50},
  number       = {{D1}},
  pages        = {1282--1294},
  year         = {2022},
  url          = {https://doi.org/10.1093/nar/gkab1010},
  doi          = {10.1093/NAR/GKAB1010},
  timestamp    = {Mon, 28 Aug 2023 21:19:15 +0200},
  biburl       = {https://dblp.org/rec/journals/nar/HardingAFSADPSD22.bib},
  bibsource    = {dblp computer science bibliography, https://dblp.org}
}

@article{DBLP:journals/nar/WishartKGSHSCW06,
  author       = {David S. Wishart and
                  Craig Knox and
                  Anchi Guo and
                  Savita Shrivastava and
                  Murtaza Hassanali and
                  Paul Stothard and
                  Zhan Chang and
                  Jennifer Woolsey},
  title        = {DrugBank: a comprehensive resource for \emph{in silico} drug discovery
                  and exploration},
  journal      = {Nucleic Acids Res.},
  volume       = {34},
  number       = {Database-Issue},
  pages        = {668--672},
  year         = {2006},
  url          = {https://doi.org/10.1093/nar/gkj067},
  doi          = {10.1093/NAR/GKJ067},
  timestamp    = {Sun, 17 May 2020 11:47:36 +0200},
  biburl       = {https://dblp.org/rec/journals/nar/WishartKGSHSCW06.bib},
  bibsource    = {dblp computer science bibliography, https://dblp.org}
}

@article{DBLP:journals/nar/PineroBQGDCGSF17,
  author       = {Janet Pi{\~{n}}ero Gonz{\'{a}}lez and
                  {\`{A}}lex Bravo and
                  N{\'{u}}ria Queralt{-}Rosinach and
                  Alba Guti{\'{e}}rrez{-}Sacrist{\'{a}}n and
                  Jordi Deu{-}Pons and
                  Emilio Centeno and
                  Javier Garc{\'{\i}}a{-}Garc{\'{\i}}a and
                  Ferran Sanz and
                  Laura I. Furlong},
  title        = {DisGeNET: a comprehensive platform integrating information on human
                  disease-associated genes and variants},
  journal      = {Nucleic Acids Res.},
  volume       = {45},
  number       = {Database-Issue},
  pages        = {D833--D839},
  year         = {2017},
  url          = {https://doi.org/10.1093/nar/gkw943},
  doi          = {10.1093/NAR/GKW943},
  timestamp    = {Mon, 26 Jun 2023 20:53:27 +0200},
  biburl       = {https://dblp.org/rec/journals/nar/PineroBQGDCGSF17.bib},
  bibsource    = {dblp computer science bibliography, https://dblp.org}
}

@article{DBLP:journals/nar/GillespieJSMRSG22,
  author       = {Marc Gillespie and
                  Bijay Jassal and
                  Ralf Stephan and
                  Marija Milacic and
                  Karen Rothfels and
                  Andrea Senff{-}Ribeiro and
                  Johannes Griss and
                  Cristoffer Sevilla and
                  Lisa Matthews and
                  Chuqiao Gong and
                  Chuan Deng and
                  Thawfeek M. Varusai and
                  Eliot Ragueneau and
                  Yusra Haider and
                  Bruce May and
                  Veronica Shamovsky and
                  Joel Weiser and
                  Timothy Brunson and
                  Nasim Sanati and
                  Liam Beckman and
                  Xiang Shao and
                  Antonio Fabregat and
                  Konstantinos Sidiropoulos and
                  Julieth Murillo and
                  Guilherme Viteri and
                  Justin Cook and
                  Solomon Shorser and
                  Gary D. Bader and
                  Emek Demir and
                  Chris Sander and
                  Robin Haw and
                  Guanming Wu and
                  Lincoln Stein and
                  Henning Hermjakob and
                  Peter D'Eustachio},
  title        = {The reactome pathway knowledgebase 2022},
  journal      = {Nucleic Acids Res.},
  volume       = {50},
  number       = {{D1}},
  pages        = {687--692},
  year         = {2022},
  url          = {https://doi.org/10.1093/nar/gkab1028},
  doi          = {10.1093/NAR/GKAB1028},
  timestamp    = {Sat, 30 Sep 2023 10:21:58 +0200},
  biburl       = {https://dblp.org/rec/journals/nar/GillespieJSMRSG22.bib},
  bibsource    = {dblp computer science bibliography, https://dblp.org}
}


#################### evaluation

@article{DBLP:journals/ijswis/BizerS09,
  author       = {Christian Bizer and
                  Andreas Schultz},
  title        = {The Berlin {SPARQL} Benchmark},
  journal      = {Int. J. Semantic Web Inf. Syst.},
  volume       = {5},
  number       = {2},
  pages        = {1--24},
  year         = {2009},
  url          = {https://doi.org/10.4018/jswis.2009040101},
  doi          = {10.4018/JSWIS.2009040101},
  timestamp    = {Tue, 16 Aug 2022 23:09:11 +0200},
  biburl       = {https://dblp.org/rec/journals/ijswis/BizerS09.bib},
  bibsource    = {dblp computer science bibliography, https://dblp.org}
}

@article{DBLP:journals/dke/ChaloupkaN24,
  author       = {Milos Chaloupka and
                  Martin Necask{\'{y}}},
  title        = {Using Berlin {SPARQL} benchmark to evaluate virtual {SPARQL} endpoints
                  over relational databases},
  journal      = {Data Knowl. Eng.},
  volume       = {152},
  pages        = {102309},
  year         = {2024},
  url          = {https://doi.org/10.1016/j.datak.2024.102309},
  doi          = {10.1016/J.DATAK.2024.102309},
  timestamp    = {Fri, 02 Aug 2024 09:02:03 +0200},
  biburl       = {https://dblp.org/rec/journals/dke/ChaloupkaN24.bib},
  bibsource    = {dblp computer science bibliography, https://dblp.org}
}


@inproceedings{DBLP:conf/ore/CalvaneseLRSX14,
  author       = {Diego Calvanese and
                  Davide Lanti and
                  Martin Rezk and
                  Mindaugas Slusnys and
                  Guohui Xiao},
  editor       = {Samantha Bail and
                  Birte Glimm and
                  Ernesto Jim{\'{e}}nez{-}Ruiz and
                  Nicolas Matentzoglu and
                  Bijan Parsia and
                  Andreas Steigmiller},
  title        = {A Scalable Benchmark for {OBDA} Systems: Preliminary Report},
  booktitle    = {Informal Proceedings of the 3rd International Workshop on {OWL} Reasoner
                  Evaluation {(ORE} 2014) co-located with the Vienna Summer of Logic
                  {(VSL} 2014), Vienna, Austria, July 13, 2014},
  series       = {{CEUR} Workshop Proceedings},
  volume       = {1207},
  pages        = {36--43},
  publisher    = {CEUR-WS.org},
  year         = {2014},
  url          = {https://ceur-ws.org/Vol-1207/paper\_5.pdf},
  timestamp    = {Fri, 10 Mar 2023 16:23:01 +0100},
  biburl       = {https://dblp.org/rec/conf/ore/CalvaneseLRSX14.bib},
  bibsource    = {dblp computer science bibliography, https://dblp.org}
}


@article{dolci2024tools,
  title={Tools for Healthcare Data Lake Infrastructure Benchmarking},
  author={Dolci, Tommaso and Amata, Lorenzo and Manco, Carlo and Azzalini, Fabio and Gribaudo, Marco and Tanca, Letizia},
  journal={Information Systems Frontiers},
  pages={1--22},
  year={2024},
  publisher={Springer}
}

@article{DBLP:journals/ijtm/LytrasSP09,
  author       = {Miltiadis D. Lytras and
                  Evangelos Sakkopoulos and
                  Patricia Ord{\'{o}}{\~{n}}ez de Pablos},
  title        = {Semantic Web and Knowledge Management for the health domain: state
                  of the art and challenges for the Seventh Framework Programme {(FP7)}
                  of the European Union {(2007-2013)}},
  journal      = {Int. J. Technol. Manag.},
  volume       = {47},
  number       = {1/2/3},
  pages        = {239--249},
  year         = {2009},
  url          = {https://doi.org/10.1504/IJTM.2009.024124},
  doi          = {10.1504/IJTM.2009.024124},
  timestamp    = {Mon, 03 Jan 2022 22:07:30 +0100},
  biburl       = {https://dblp.org/rec/journals/ijtm/LytrasSP09.bib},
  bibsource    = {dblp computer science bibliography, https://dblp.org}
}

@article{Faggioli2024BrainTeaser,
  title={An Extensible and Unifying Approach to Retrospective Clinical Data Modeling: The BrainTeaser Ontology},
  author={Faggioli, Guglielmo and Menotti, Laura and Marchesin, Stefano and Chi{\`o}, Adriano and Dagliati, Arianna and de Carvalho, Mamede and Gromicho, Marta and Manera, Umberto and Tavazzi, Eleonora and Di Nunzio, Giorgio Maria and Silvello, Gianmaria and Ferro, Nicola},
  journal={Journal of Biomedical Semantics},
  year={2024},
  note={Accepted for publication}
}

@article{DBLP:journals/pvldb/ElmoreDSBCGHHKK15,
  author       = {Aaron J. Elmore and
                  Jennie Duggan and
                  Mike Stonebraker and
                  Magdalena Balazinska and
                  Ugur {\c{C}}etintemel and
                  Vijay Gadepally and
                  Jeffrey Heer and
                  Bill Howe and
                  Jeremy Kepner and
                  Tim Kraska and
                  Samuel Madden and
                  David Maier and
                  Timothy G. Mattson and
                  Stavros Papadopoulos and
                  Jeff Parkhurst and
                  Nesime Tatbul and
                  Manasi Vartak and
                  Stan Zdonik},
  title        = {A Demonstration of the BigDAWG Polystore System},
  journal      = {Proc. {VLDB} Endow.},
  volume       = {8},
  number       = {12},
  pages        = {1908--1911},
  year         = {2015},
  url          = {http://www.vldb.org/pvldb/vol8/p1908-Elmore.pdf},
  doi          = {10.14778/2824032.2824098},
  timestamp    = {Sat, 30 Sep 2023 10:24:09 +0200},
  biburl       = {https://dblp.org/rec/journals/pvldb/ElmoreDSBCGHHKK15.bib},
  bibsource    = {dblp computer science bibliography, https://dblp.org}
}

@inproceedings{DBLP:conf/vldb/Mucklo18,
  author       = {Matthew J. Mucklo},
  editor       = {Vijay Gadepally and
                  Timothy G. Mattson and
                  Michael Stonebraker and
                  Fusheng Wang and
                  Gang Luo and
                  George Teodoro},
  title        = {Demonstration: {API} Federation in the BigDAWG Polystore},
  booktitle    = {Heterogeneous Data Management, Polystores, and Analytics for Healthcare
                  - {VLDB} 2018 Workshops, Poly and DMAH, Rio de Janeiro, Brazil, August
                  31, 2018, Revised Selected Papers},
  series       = {Lecture Notes in Computer Science},
  volume       = {11470},
  pages        = {93--103},
  publisher    = {Springer},
  year         = {2018},
  url          = {https://doi.org/10.1007/978-3-030-14177-6\_8},
  doi          = {10.1007/978-3-030-14177-6\_8},
  timestamp    = {Wed, 03 Aug 2022 16:11:56 +0200},
  biburl       = {https://dblp.org/rec/conf/vldb/Mucklo18.bib},
  bibsource    = {dblp computer science bibliography, https://dblp.org}
}

@inproceedings{DBLP:conf/hpec/SheRD16,
  author       = {Zuohao She and
                  Surabhi Ravishankar and
                  Jennie Duggan},
  title        = {BigDAWG polystore query optimization through semantic equivalences},
  booktitle    = {2016 {IEEE} High Performance Extreme Computing Conference, {HPEC}
                  2016, Waltham, MA, USA, September 13-15, 2016},
  pages        = {1--6},
  publisher    = {{IEEE}},
  year         = {2016},
  url          = {https://doi.org/10.1109/HPEC.2016.7761584},
  doi          = {10.1109/HPEC.2016.7761584},
  timestamp    = {Sun, 02 Oct 2022 16:02:39 +0200},
  biburl       = {https://dblp.org/rec/conf/hpec/SheRD16.bib},
  bibsource    = {dblp computer science bibliography, https://dblp.org}
}

@article{DBLP:journals/semweb/SoyluKZJGSHSBLH18,
  author       = {Ahmet Soylu and
                  Evgeny Kharlamov and
                  Dmitriy Zheleznyakov and
                  Ernesto Jim{\'{e}}nez{-}Ruiz and
                  Martin Giese and
                  Martin G. Skj{\ae}veland and
                  Dag Hovland and
                  Rudolf Schlatte and
                  Sebastian Brandt and
                  Hallstein Lie and
                  Ian Horrocks},
  title        = {OptiqueVQS: {A} visual query system over ontologies for industry},
  journal      = {Semantic Web},
  volume       = {9},
  number       = {5},
  pages        = {627--660},
  year         = {2018},
  url          = {https://doi.org/10.3233/SW-180293},
  doi          = {10.3233/SW-180293},
  timestamp    = {Mon, 28 Aug 2023 21:19:08 +0200},
  biburl       = {https://dblp.org/rec/journals/semweb/SoyluKZJGSHSBLH18.bib},
  bibsource    = {dblp computer science bibliography, https://dblp.org}
}

@inproceedings{DBLP:conf/esws/KharlamovJZBGHHKKORRSSSW13,
  author       = {Evgeny Kharlamov and
                  Ernesto Jim{\'{e}}nez{-}Ruiz and
                  Dmitriy Zheleznyakov and
                  Dimitris Bilidas and
                  Martin Giese and
                  Peter Haase and
                  Ian Horrocks and
                  Herald Kllapi and
                  Manolis Koubarakis and
                  {\"{O}}zg{\"{u}}r L. {\"{O}}z{\c{c}}ep and
                  Mariano Rodriguez{-}Muro and
                  Riccardo Rosati and
                  Michael Schmidt and
                  Rudolf Schlatte and
                  Ahmet Soylu and
                  Arild Waaler},
  editor       = {Philipp Cimiano and
                  Miriam Fern{\'{a}}ndez and
                  Vanessa L{\'{o}}pez and
                  Stefan Schlobach and
                  Johanna V{\"{o}}lker},
  title        = {Optique: Towards {OBDA} Systems for Industry},
  booktitle    = {The Semantic Web: {ESWC} 2013 Satellite Events - {ESWC} 2013 Satellite
                  Events, Montpellier, France, May 26-30, 2013, Revised Selected Papers},
  series       = {Lecture Notes in Computer Science},
  volume       = {7955},
  pages        = {125--140},
  publisher    = {Springer},
  year         = {2013},
  url          = {https://doi.org/10.1007/978-3-642-41242-4\_11},
  doi          = {10.1007/978-3-642-41242-4\_11},
  timestamp    = {Thu, 02 Feb 2023 16:04:34 +0100},
  biburl       = {https://dblp.org/rec/conf/esws/KharlamovJZBGHHKKORRSSSW13.bib},
  bibsource    = {dblp computer science bibliography, https://dblp.org}
}